% Encoding: UTF-8

@Book{arens2015mathematik,
  author    = {Arens, Tilo and Hettlich, Frank and Karpfinger, Christian and Kockelkorn, Ulrich and Lichtenegger, Klaus and Stachel, Hellmuth},
  title     = {Mathematik},
  year      = {2015},
  publisher = {Springer-Verlag},
}

@Comment{jabref-meta: databaseType:biblatex;}
