% Encoding: UTF-8

@Misc{vandevoorde2017c++,
  author    = {Vandevoorde, David and Josuttis, Nicolai M and Gregor, Douglas},
  title     = {C++ Templates: The Complete Guide, 2nd},
  year      = {2017},
  publisher = {Addison-Wesley Professional},
}

@Book{meyers2005effective,
  author    = {Meyers, Scott},
  title     = {Effective C++: 55 specific ways to improve your programs and designs},
  year      = {2005},
  publisher = {Pearson Education},
}

@Book{akenine2019real,
  author    = {Akenine-M{\"o}ller, Tomas and Haines, Eric and Hoffman, Naty},
  title     = {Real-time rendering},
  year      = {2019},
  publisher = {Crc Press},
}

@Comment{jabref-meta: databaseType:biblatex;}
